<record><leader>00000cas a22000007a 4500</leader><controlfield tag="001">13386322</controlfield><controlfield tag="008">860403d18461848pauwr ne      0    0eng d</controlfield><datafield ind1=" " ind2=" " tag="010"><subfield code="a">sn 86079129 </subfield></datafield><datafield ind1=" " ind2=" " tag="040"><subfield code="a">NPU</subfield><subfield code="b">eng</subfield><subfield code="c">NPU</subfield><subfield code="d">OCLCQ</subfield></datafield><datafield ind1=" " ind2=" " tag="042"><subfield code="a">msc</subfield></datafield><datafield ind1="0" ind2=" " tag="130"><subfield code="a">Weekly planet, and Rapho banner (Manheim, Pa. : 1846)</subfield></datafield><datafield ind1="1" ind2="0" tag="245"><subfield code="a">Weekly planet, and Rapho banner.</subfield></datafield><datafield ind1="3" ind2="0" tag="246"><subfield code="a">Rapho banner</subfield></datafield><datafield ind1=" " ind2=" " tag="260"><subfield code="a">Manheim, Pa. :</subfield><subfield code="b">John M. Ensminger</subfield></datafield><datafield ind1=" " ind2=" " tag="300"><subfield code="a">v. :</subfield><subfield code="b">ill. (chiefly advertisements) ;</subfield><subfield code="c">51 cm.</subfield></datafield><datafield ind1=" " ind2=" " tag="310"><subfield code="a">Weekly</subfield></datafield><datafield ind1="1" ind2=" " tag="362"><subfield code="a">Began in 1846.</subfield><subfield code="z">Cf. Gregory, Amer. newspapers.</subfield></datafield><datafield ind1="1" ind2=" " tag="362"><subfield code="a">Ceased in 1848?</subfield><subfield code="z">Cf. Salisbury, R. Pennsylvania newspapers, 1969.</subfield></datafield><datafield ind1=" " ind2=" " tag="500"><subfield code="a">"Whig."</subfield></datafield><datafield ind1=" " ind2=" " tag="588"><subfield code="a">Description based on: Vol. 2, no. 31 (Aug. 3, 1847).</subfield></datafield><datafield ind1=" " ind2=" " tag="752"><subfield code="a">United States</subfield><subfield code="b">Pennsylvania</subfield><subfield code="d">Manheim.</subfield></datafield></record>